<?xml version="1.0" encoding="UTF-8"?><collection xmlns="http://www.loc.gov/MARC21/slim"><record><leader>00420nam--2200145-i-4500</leader><controlfield tag="001">000023717</controlfield><controlfield tag="002">20161230</controlfield><controlfield tag="005">20161230201035</controlfield><controlfield tag="008">060222s1000------------r-----000-0-eng-d</controlfield><datafield ind1=" " ind2=" " tag="080"><subfield code="a">539.12.08:539.1.074.8:614.876(082.1)</subfield></datafield><datafield ind1=" " ind2=" " tag="100"><subfield code="a">Ing, H. And Makra, S</subfield></datafield><datafield ind1=" " ind2=" " tag="245"><subfield code="a">Compendium of neoutron spectra in criticaly accident dosimetry</subfield></datafield><datafield ind1=" " ind2=" " tag="260"><subfield code="a">Vienna, Iaea, 1978. 193p</subfield></datafield><datafield ind1=" " ind2=" " tag="490"><subfield code="a">Technical Report Series</subfield></datafield><datafield ind1=" " ind2=" " tag="852"><subfield code="a">1875</subfield></datafield></record></collection>